@mastersthesis{tidigarekandidat,
author = "S GreboviÄ‡ et al",
title = "Group Theory and Symmetries in Particle Physics",
school = "Chalmers university of technology",
year = "2012",
type = "{B.S. Thesis}"
}


%http://en.wikibooks.org/wiki/LaTeX/Bibliography_Management